<?xml version="1.0" encoding="UTF-8"?><collection xmlns="http://www.loc.gov/MARC21/slim"><record><leader>00300nam--2200109-i-4500</leader><controlfield tag="001">000038197</controlfield><controlfield tag="002">20161230</controlfield><controlfield tag="005">20161230201041</controlfield><controlfield tag="008">060222s1000------------r-----000-0-eng-d</controlfield><datafield ind1=" " ind2=" " tag="245"><subfield code="a">Realizari noi in domeniul masurarilor, comenzi si dispozitive automate</subfield></datafield><datafield ind1=" " ind2=" " tag="260"><subfield code="a">Bucuresti, Idt.,1962. 98 P</subfield></datafield><datafield ind1=" " ind2=" " tag="852"><subfield code="a">8077</subfield></datafield></record></collection>